@online{Kimathi2020,
  title={What Is Ray Tracing Technology and How It Works in GPUs},
  author={Kimathi, George},
   year = {2020},
   month = {June},
   url = {https://www.dignited.com/62084/how-ray-tracing-works}
}

@online{Burke2018,
  title={Marbles RTX Playable Sample Now Available in NVIDIA Omniverse},
  author={Shipkov, Peter},
   year = {2021},
   month = {May},
   url = {https://blogs.nvidia.com/blog/2021/05/27/omniverse-marbles-rtx-playable-sample}
}


@book{Ericson2004,
  title={Real-Time Collision Detection},
  author={Ericson, Christer},
  year={2004},
  publisher={Morgan Kaufmann}
}

@online{Matthias2021,
   title = {Simulation in Computer Graphics, course notes on Bounding Volume Hierarchies.},
   author = {Matthias Teschner},
   year = {2021},
   url = {https://cg.informatik.uni-freiburg.de/course_notes/sim_06_boundingVolumeHierarchies.pdf}
}


@book{Pharr2016,
  title={Physically based rendering: From theory to implementation},
  author={Pharr, Matt and Jakob, Wenzel and Humphreys, Greg},
  year={2016},
  publisher={Morgan Kaufmann}
}


@online{Karras2012,
   title = {Thinking Parallel, Part III: Tree Construction on the GPU},
   author = {Karras, Tero},
   year = {2012},
   url = {https://developer.nvidia.com/blog/thinking-parallel-part-iii-tree-construction-gpu}
}


@online{Jacobson2021,
  author = {Jacobson, Alec},
  title = {Common 3d test models},
  year = 2021,
  url = {https://github.com/alecjacobson/common-3d-test-models}
}

@article{Cao2020,
  title={A New Method to Construct the KD Tree Based on
Presorted Results},
  author={Cao, Yu and Wang , Huizan and Zhao , Wenjing and Duan , Boheng and Zhang, Xiaojiang 
},
  journal={Hindawi},
  volume={2020},
  pages={1--7},
  year={2020},
  publisher={Hindawi}
}


@article{Wald2020,
  title={On Fast Construction of SAH based Bounding Volume Hierarchies},
  author={Wald, Ingo},
  journal={IEEE Interactive Ray Tracing},
  volume={2020},
  pages={1--7},
  year={2007},
  publisher={Institute, University of Utah, Intel Corp, Santa Clara, CA}
}



@online{wikipedia2022,
  author = {Wikipedia},
  title = {Z-order curve},
  year = 2022,
  url = {https://en.wikipedia.org/wiki/Z-order_curve}
}



@misc{stanfordbunny,
    title={Stanford Bunny},
    author={Stanford},
    year=1994,
    url={http://graphics.stanford.edu/data/3Dscanrep/}
}

@misc{stanforddragon,
    title={Stanford Dragon},
    author={Stanford},
    year=1996,
    url={http://graphics.stanford.edu/data/3Dscanrep/}
}

@misc{stanfordlucy,
    title={Stanford Lucy},
    author={Stanford},
    year=1998,
    url={http://graphics.stanford.edu/data/3Dscanrep/}
}


@misc{stanfordxyzdragon,
    title={Stanford XYZ Dragon},
    author={Stanford},
    year=1996,
    url={http://graphics.stanford.edu/data/3Dscanrep/}
}

@misc{spot,
    title={Caltech Spot},
    author={Keenan Crane},
    year=2012,
    url={http://www.cs.cmu.edu/~kmcrane/Projects/ModelRepository/}
}

@misc{buddha,
    title={Happy Buddha},
    author={Brian Curless, Marc Levoy},
    year=1996,
    url={https://graphics.stanford.edu/software/scanview/models/happybuddha.html}
}

@misc{igea,
    title={Igea},
    author={Common 3d test models},
    year=2022,
    url={https://github.com/alecjacobson/common-3d-test-models/blob/master/data/igea.png}
}

@misc{trees,
    title={Trees 9 3D Model},
    author={Kim},
    year=2020,
    url={https://free3d.com/3d-model/trees-9-53338.html}
}

@misc{scifi,
    title={Sci-Fi Tropical City 3D Model},
    author={Herminio},
    year=2019,
    url={https://free3d.com/3d-model/sci-fi-tropical-city-25746.html}
}