@book{webcrawler,
  title={Finding what people want},
  author={Brian Pinkerton},
  year={2000},
  url = {http://www.thinkpink.com/bp/Thesis/Thesis.pdf}
}

@online{statista,
  title={Market share of leading desktop search engines worldwide from January 2015 to July 2023},
  author={Statista},
   year = {2023},
   month = {July},
   url = {https://www.dignited.com/62084/how-ray-tracing-workshttps://www.statista.com/statistics/216573/worldwide-market-share-of-search-engines/}
}

@book{google,
  title={The anatomy of a large-scale hypertextual Web search engine},
  author={Sergey Brin, Lawrence Page},
  year={1998},
  url = {https://snap.stanford.edu/class/cs224w-readings/Brin98Anatomy.pdf}
}

@book{introduction-ir,
  title={An Introduction to Information Retrieval},
  author={Christopher D. Manning, Prabhakar Raghavan, Hinrich Sch√ºtze},
  year={2009},
  url = {https://nlp.stanford.edu/IR-book/information-retrieval-book.html}
}

@book{wires,
  title={WIREs Data Mining and Knowledge Discovery},
  author={Manish Kumar, Rajesh Bhatia, Dhavleesh Rattan},
  year={2017},
  url = {https://wires.onlinelibrary.wiley.com/doi/epdf/10.1002/widm.1218?saml_referrer}
}

@article{bfs,
  title={Breadth First Search or BFS for a Graph
},
  author={geeksforgeeks},
  year={2023},
  url = {https://www.geeksforgeeks.org/breadth-first-search-or-bfs-for-a-graph/}
}

@article{dfs,
  title={Depth First Search or DFS for a Graph
},
  author={geeksforgeeks},
  year={2023},
  url = {https://www.geeksforgeeks.org/depth-first-search-or-dfs-for-a-graph/}
}

@book{introduction-to-algorithms,
  title={Introduction to Algorithms},
  author={Thomas H. Cormen, Charles E. Leiserson, Ronald L. Rivest, Clifford Stein},
  year={2001},
  url = {https://dl.ebooksworld.ir/books/Introduction.to.Algorithms.4th.Leiserson.Stein.Rivest.Cormen.MIT.Press.9780262046305.EBooksWorld.ir.pdf}
}