@book{webcrawler,
  title={Finding what people want},
  author={Brian Pinkerton},
  year={2000},
  url = {http://www.thinkpink.com/bp/Thesis/Thesis.pdf}
}

@online{Kimathi2020,
  title={What Is Ray Tracing Technology and How It Works in GPUs},
  author={Kimathi, George},
   year = {2020},
   month = {June},
   url = {https://www.dignited.com/62084/how-ray-tracing-works}
}

@book{Ericson2004,
  title={Real-Time Collision Detection},
  author={Ericson, Christer},
  year={2004},
  publisher={Morgan Kaufmann}
}


@article{Cao2020,
  title={A New Method to Construct the KD Tree Based on
Presorted Results},
  author={Cao, Yu and Wang , Huizan and Zhao , Wenjing and Duan , Boheng and Zhang, Xiaojiang 
},
  journal={Hindawi},
  volume={2020},
  pages={1--7},
  year={2020},
  publisher={Hindawi}
}

@misc{stanfordbunny,
    title={Stanford Bunny},
    author={Stanford},
    year=1994,
    url={http://graphics.stanford.edu/data/3Dscanrep/}
}
